%% This BibTeX bibliography file was created using BibDesk.
%% http://bibdesk.sourceforge.net/


%% Created for Guillermo Orellana at 2015-02-06 14:16:34 +0100 


%% Saved with string encoding Unicode (UTF-8) 



@article{cubehelix,
	Author = {D. A. Green},
	Date-Added = {2015-02-06 13:14:32 +0000},
	Date-Modified = {2015-02-06 13:16:30 +0000},
	Journal = {Bulletin of the Astromical Society of India},
	Month = {July},
	Pages = {289-295},
	Title = {A colour scheme for the display of astronomical intensity images},
	Volume = {39},
	Year = {2011}}

@misc{wikipinknoise,
	Author = {Wikipedia},
	Date-Added = {2015-02-06 11:47:16 +0000},
	Date-Modified = {2015-02-06 11:47:35 +0000},
	Howpublished = {\url{http://en.wikipedia.org/wiki/Pink_noise}},
	Title = {Pink Noise},
	Year = {2014}}

@misc{wikiwhitenoise,
	Author = {Wikipedia},
	Date-Added = {2015-02-06 11:46:35 +0000},
	Date-Modified = {2015-02-06 11:47:02 +0000},
	Howpublished = {\url{http://en.wikipedia.org/wiki/White_noise}},
	Title = {White Noise},
	Year = {2014}}

@misc{wikipcm,
	Author = {Wikipedia},
	Date-Added = {2015-02-06 01:01:24 +0000},
	Date-Modified = {2015-02-06 01:01:49 +0000},
	Howpublished = {\url{http://en.wikipedia.org/wiki/Pulse-code_modulation}},
	Title = {Pulse-code modulation},
	Year = {2014}}

@book{radiotron,
	Author = {F. Langford-Smith},
	Date-Added = {2015-02-05 17:25:00 +0000},
	Date-Modified = {2015-02-05 17:26:05 +0000},
	Edition = {4th},
	Publisher = {RCA},
	Title = {Radiotron Designer's Handbook},
	Year = {1953}}

@misc{smartphoneusers,
	Author = {eMarketer},
	Date-Added = {2015-02-05 11:43:12 +0000},
	Date-Modified = {2015-02-05 12:09:45 +0000},
	Howpublished = {\url{http://www.emarketer.com/Article/Smartphone-Users-Worldwide-Will-Total-175-Billion-2014/1010536}},
	Journal = {eMarketer},
	Title = {Smartphone Users Worldwide Will Total 1.75 Billion in 2014},
	Year = {2014}}

@techreport{smartphonemarket,
	Author = {Ramon Llamas, Ryan Reith, Kathy Nagamine},
	Date-Added = {2015-02-05 11:37:05 +0000},
	Date-Modified = {2015-02-05 12:10:24 +0000},
	Institution = {IDC Corporate USA},
	Title = {Smartphone Market Share Q3 2014},
	Year = {2014}}

@misc{wikiheatmap,
	Author = {Wikipedia},
	Date-Added = {2015-02-05 00:17:47 +0000},
	Date-Modified = {2015-02-05 00:18:27 +0000},
	Howpublished = {\url{http://en.wikipedia.org/wiki/Heat_map}},
	Title = {Heat map},
	Year = {2015}}

@misc{audiohal,
	Author = {Android Open Source Project},
	Date-Added = {2015-01-31 17:07:04 +0000},
	Date-Modified = {2015-01-31 17:15:30 +0000},
	Howpublished = {\url{https://source.android.com/devices/audio/index.html}},
	Title = {Android Audio},
	Year = {2014}}

@proceedings{directiva,
	Date-Added = {2015-01-13 20:44:35 +0000},
	Date-Modified = {2015-01-13 20:46:03 +0000},
	Organization = {Uni{\'o}n Europea},
	Title = {Directiva 2003/10/CE, de 6 de febrero de 2003, sobre las disposiciones m{\'\i}nimas de seguridad y de salud relativas a la exposici{\'o}n de los trabajadores a los riesgos derivados de los agentes f{\'\i}sicos (ruido)},
	Url = {http://europa.eu/legislation_summaries/employment_and_social_policy/health_hygiene_safety_at_work/c11148_es.htm},
	Year = {2003},
	Bdsk-Url-1 = {http://europa.eu/legislation_summaries/employment_and_social_policy/health_hygiene_safety_at_work/c11148_es.htm}}

@manual{n5-svcman,
	Date-Added = {2015-01-04 17:00:27 +0000},
	Date-Modified = {2015-01-13 20:42:40 +0000},
	Organization = {LG},
	Title = {Service Manual Nexus 5 LG D821},
	Url = {https://docs.google.com/file/d/0B7VNhP6LbXNmdl9wZG1OSTBnVUE/},
	Bdsk-Url-1 = {https://docs.google.com/file/d/0B7VNhP6LbXNmdl9wZG1OSTBnVUE/}}

@misc{androiddevguide,
	Annote = {\url{http://developer.android.com/guide/topics/sensors/sensors_overview.html}},
	Author = {Google},
	Date-Added = {2014-11-05 20:20:59 +0000},
	Date-Modified = {2015-02-06 01:05:00 +0000},
	Howpublished = {\url{http://developer.android.com/}},
	Read = {0},
	Title = {Android Developers Guide},
	Year = {2014},
	Bdsk-Url-1 = {http://developer.android.com/}}
